@article{yerushalmy1964mother,
  title={Mother's cigarette smoking and survival of infant},
  author={Yerushalmy, J},
  journal={American Journal of Obstetrics and Gynecology},
  volume={88},
  number={4},
  pages={505--518},
  year={1964},
  publisher={Elsevier}
}


@article{yerushalmy2014relationship,
  title={The relationship of parents' cigarette smoking to outcome of pregnancyâ€”implications as to the problem of inferring causation from observed associations},
  author={Yerushalmy, J},
  journal={International journal of epidemiology},
  volume={43},
  number={5},
  pages={1355--1366},
  year={2014},
  publisher={Oxford University Press}
}


@book{nolan2001stat,
  title={Stat labs: mathematical statistics through applications},
  author={Nolan, Deborah and Speed, Terry P},
  year={2001},
  publisher={Springer Science \& Business Media}
}
